<record><leader>00000cas a22000007a 4500</leader><controlfield tag="001">15147888</controlfield><controlfield tag="008">870204d18861896iauwr ne      0    0eng d</controlfield><datafield ind1=" " ind2=" " tag="010"><subfield code="a">sn 87058026 </subfield></datafield><datafield ind1=" " ind2=" " tag="040"><subfield code="a">INP</subfield><subfield code="b">eng</subfield><subfield code="c">INP</subfield><subfield code="d">OCLCQ</subfield></datafield><datafield ind1=" " ind2=" " tag="042"><subfield code="a">msc</subfield></datafield><datafield ind1="0" ind2="4" tag="245"><subfield code="a">The Appanoose Iowegian.</subfield></datafield><datafield ind1=" " ind2=" " tag="260"><subfield code="a">Centerville, Appanoose County, Iowa :</subfield><subfield code="b">Chas. E. Vrooman &amp; Co.</subfield></datafield><datafield ind1=" " ind2=" " tag="300"><subfield code="a">v. :</subfield><subfield code="b">ill.</subfield></datafield><datafield ind1=" " ind2=" " tag="310"><subfield code="a">Weekly</subfield></datafield><datafield ind1="1" ind2=" " tag="362"><subfield code="a">Began in 1886? Ceased in 1896?</subfield><subfield code="z">Cf. Bibl. of Iowa newspapers.</subfield></datafield><datafield ind1=" " ind2=" " tag="588"><subfield code="a">Description based on: Vol. 4, no. 28 (Oct. 7, 1886).</subfield></datafield><datafield ind1=" " ind2=" " tag="752"><subfield code="a">United States</subfield><subfield code="b">Iowa</subfield><subfield code="c">Appanoose</subfield><subfield code="d">Centerville.</subfield></datafield><datafield ind1="0" ind2="0" tag="780"><subfield code="t">Iowegian (Centerville, Iowa : 1884)</subfield></datafield><datafield ind1="0" ind2="0" tag="785"><subfield code="t">Iowegian (Centerville, Iowa : 1896)</subfield></datafield></record>